<record><leader>00000cas a2200000 a 4500</leader><controlfield tag="001">39150686</controlfield><controlfield tag="008">980520d194319uuvtuuu ne      0    0eng c</controlfield><datafield ind1=" " ind2=" " tag="010"><subfield code="a">sn 98060093 </subfield></datafield><datafield ind1=" " ind2=" " tag="040"><subfield code="a">NVN</subfield><subfield code="b">eng</subfield><subfield code="c">NVN</subfield><subfield code="d">OCLCQ</subfield><subfield code="d">OCLCF</subfield><subfield code="d">OCLCO</subfield><subfield code="d">OCL</subfield></datafield><datafield ind1=" " ind2=" " tag="042"><subfield code="a">pcc</subfield></datafield><datafield ind1=" " ind2=" " tag="043"><subfield code="a">n-us-vt</subfield></datafield><datafield ind1="0" ind2="0" tag="245"><subfield code="a">Beanville bugle.</subfield></datafield><datafield ind1=" " ind2=" " tag="260"><subfield code="a">[Randolph, Vt.] :</subfield><subfield code="b">Randolph Chapter American Red Cross for members of the Armed Services from Randolph and Brookfield, Vt.</subfield></datafield><datafield ind1=" " ind2=" " tag="300"><subfield code="a">v.</subfield></datafield><datafield ind1="0" ind2=" " tag="362"><subfield code="a">Vol. 1, no. 1 (Nov. 1943).</subfield></datafield><datafield ind1=" " ind2="0" tag="650"><subfield code="a">Journalism, Military.</subfield></datafield><datafield ind1=" " ind2="0" tag="651"><subfield code="a">Randolph (Vt.)</subfield><subfield code="v">Newspapers.</subfield></datafield><datafield ind1=" " ind2="0" tag="651"><subfield code="a">Brookfield (Vt.)</subfield><subfield code="v">Newspapers.</subfield></datafield><datafield ind1=" " ind2="0" tag="651"><subfield code="a">Vermont</subfield><subfield code="v">Newspapers.</subfield></datafield><datafield ind1=" " ind2="7" tag="650"><subfield code="a">Journalism, Military.</subfield><subfield code="2">fast</subfield><subfield code="0">(OCoLC)fst00984153</subfield></datafield><datafield ind1=" " ind2="7" tag="651"><subfield code="a">Vermont.</subfield><subfield code="2">fast</subfield><subfield code="0">(OCoLC)fst01204305</subfield></datafield><datafield ind1=" " ind2="7" tag="651"><subfield code="a">Vermont</subfield><subfield code="z">Brookfield.</subfield><subfield code="2">fast</subfield><subfield code="0">(OCoLC)fst01230531</subfield></datafield><datafield ind1=" " ind2="7" tag="651"><subfield code="a">Vermont</subfield><subfield code="z">Randolph.</subfield><subfield code="2">fast</subfield><subfield code="0">(OCoLC)fst01222464</subfield></datafield><datafield ind1=" " ind2="7" tag="655"><subfield code="a">Newspapers.</subfield><subfield code="2">fast</subfield><subfield code="0">(OCoLC)fst01423814</subfield></datafield><datafield ind1=" " ind2=" " tag="752"><subfield code="a">United States</subfield><subfield code="b">Vermont</subfield><subfield code="c">Orange</subfield><subfield code="d">Randolph.</subfield></datafield><datafield ind1="1" ind2=" " tag="029"><subfield code="a">AU@</subfield><subfield code="b">000013957252</subfield></datafield></record>